<?xml version="1.0" encoding="UTF-8"?>
<OAI-PMH xmlns="http://www.openarchives.org/OAI/2.0/" xmlns:xsi="http://www.w3.org/2001/XMLSchema-instance" xsi:schemaLocation="http://www.openarchives.org/OAI/2.0/ http://www.openarchives.org/OAI/2.0/OAI-PMH.xsd">
<ListRecords>
<record>
<header status="updated">
<identifier>urm_publish:71298035340002121</identifier>
</header>
<metadata>
<record xmlns="http://www.loc.gov/MARC21/slim" xmlns:xsi="http://www.w3.org/2001/XMLSchema-instance" xsi:schemaLocation="http://www.loc.gov/MARC21/slim http://www.loc.gov/standards/marcxml/schema/MARC21slim.xsd" ><leader>01068mam a2200325 a 4500</leader><controlfield tag="005">20110321160717.0</controlfield><controlfield tag="008">910905s1989    ii            000 0 tamo </controlfield><controlfield tag="001">999695119702121</controlfield><datafield tag="010" ind1=" " ind2=" "><subfield code="a">   90909643 </subfield></datafield><datafield tag="020" ind1=" " ind2=" "><subfield code="c">Rs16.00</subfield></datafield><datafield tag="025" ind1=" " ind2=" "><subfield code="a">I T 12712</subfield></datafield><datafield tag="035" ind1=" " ind2=" "><subfield code="a">(OCoLC)25247815</subfield></datafield><datafield tag="035" ind1=" " ind2=" "><subfield code="9">AQL2572UW</subfield></datafield><datafield tag="035" ind1=" " ind2=" "><subfield code="a">(WU)2535397-uwmadisondb</subfield></datafield><datafield tag="040" ind1=" " ind2=" "><subfield code="a">DLC</subfield><subfield code="b">eng</subfield><subfield code="c">DLC</subfield><subfield code="d">GZM</subfield></datafield><datafield tag="049" ind1=" " ind2=" "><subfield code="a">GZMA</subfield></datafield><datafield tag="050" ind1="0" ind2="0"><subfield code="a">PL4758.9.R323</subfield><subfield code="b">Z8 1989</subfield></datafield><datafield tag="100" ind1="1" ind2=" "><subfield code="a">Ñān̲appirakācam, Va.</subfield><subfield code="2">LCNAMES</subfield><subfield code="0">41-LIBRARY_OF_CONGRESS-n  89144207</subfield><subfield code="9">Y</subfield></datafield><datafield tag="245" ind1="1" ind2="0"><subfield code="a">Vaḷḷalār aruḷiya kuṭumpa nalam /</subfield><subfield code="c">Va. Ñān̲appirakācam.</subfield></datafield><datafield tag="250" ind1=" " ind2=" "><subfield code="a">1. patippu.</subfield></datafield><datafield tag="264" ind1=" " ind2="1"><subfield code="a">Kaṭalūr :</subfield><subfield code="b">Aruḷ Vaṭivēlan̲ Patippakam,</subfield><subfield code="c">1989.</subfield></datafield><datafield tag="300" ind1=" " ind2=" "><subfield code="a">127 pages ;</subfield><subfield code="c">20 cm</subfield></datafield><datafield tag="336" ind1=" " ind2=" "><subfield code="a">text</subfield><subfield code="b">txt</subfield><subfield code="2">rdacontent</subfield></datafield><datafield tag="337" ind1=" " ind2=" "><subfield code="a">unmediated</subfield><subfield code="b">n</subfield><subfield code="2">rdamedia</subfield></datafield><datafield tag="338" ind1=" " ind2=" "><subfield code="a">volume</subfield><subfield code="b">nc</subfield><subfield code="2">rdacarrier</subfield></datafield><datafield tag="500" ind1=" " ind2=" "><subfield code="a">In Tamil.</subfield></datafield><datafield tag="500" ind1=" " ind2=" "><subfield code="a">Message of family welfare in the poetry of Swami Ramalinga, 1823-1874, Tamil poet; a study.</subfield></datafield><datafield tag="600" ind1="0" ind2="0"><subfield code="a">Ramalinga,</subfield><subfield code="c">Swami,</subfield><subfield code="d">1823-1874</subfield><subfield code="x">Criticism and interpretation.</subfield><subfield code="2">LCNAMES</subfield><subfield code="0">41-LIBRARY_OF_CONGRESS-n  79150461</subfield><subfield code="9">Y</subfield></datafield><datafield tag="650" ind1=" " ind2="0"><subfield code="a">Families in literature.</subfield><subfield code="2">LCSH</subfield><subfield code="0">41-LIBRARY_OF_CONGRESS-sh 85047051</subfield><subfield code="9">Y</subfield></datafield><datafield tag="997" ind1=" " ind2=" "><subfield code="a">MARCIVE</subfield></datafield><datafield tag="650" ind1=" " ind2="0"><subfield code="w">nne</subfield><subfield code="a">Family in literature</subfield><subfield code="2">LCSH</subfield><subfield code="0">41-LIBRARY_OF_CONGRESS-sh 85047051</subfield><subfield code="9">N</subfield></datafield><datafield tag="600" ind1="0" ind2="0"><subfield code="a">Chidambaram Ramalinga,</subfield><subfield code="d">1823-1874</subfield><subfield code="2">LCNAMES</subfield><subfield code="0">41-LIBRARY_OF_CONGRESS-n  79150461</subfield><subfield code="9">N</subfield></datafield><datafield tag="600" ind1="0" ind2="0"><subfield code="a">Cuvāmikaḷ, Irāmaliṅka,</subfield><subfield code="d">1823-1874</subfield><subfield code="2">LCNAMES</subfield><subfield code="0">41-LIBRARY_OF_CONGRESS-n  79150461</subfield><subfield code="9">N</subfield></datafield><datafield tag="600" ind1="0" ind2="0"><subfield code="a">Irāmaiya Piḷḷai Irāmaliṅkam,</subfield><subfield code="d">1823-1874</subfield><subfield code="2">LCNAMES</subfield><subfield code="0">41-LIBRARY_OF_CONGRESS-n  79150461</subfield><subfield code="9">N</subfield></datafield><datafield tag="600" ind1="0" ind2="0"><subfield code="a">Irāmaliṅka Aṭikaḷ,</subfield><subfield code="d">1823-1874</subfield><subfield code="2">LCNAMES</subfield><subfield code="0">41-LIBRARY_OF_CONGRESS-n  79150461</subfield><subfield code="9">N</subfield></datafield><datafield tag="600" ind1="0" ind2="0"><subfield code="a">Irāmaliṅka Cuvāmikaḷ,</subfield><subfield code="d">1823-1874</subfield><subfield code="2">LCNAMES</subfield><subfield code="0">41-LIBRARY_OF_CONGRESS-n  79150461</subfield><subfield code="9">N</subfield></datafield><datafield tag="600" ind1="0" ind2="0"><subfield code="a">Irāmaliṅkam, Ci.,</subfield><subfield code="d">1823-1874</subfield><subfield code="2">LCNAMES</subfield><subfield code="0">41-LIBRARY_OF_CONGRESS-n  79150461</subfield><subfield code="9">N</subfield></datafield><datafield tag="600" ind1="0" ind2="0"><subfield code="a">Irāmaliṅkam, Irāmaiya Piḷḷai,</subfield><subfield code="d">1823-1874</subfield><subfield code="2">LCNAMES</subfield><subfield code="0">41-LIBRARY_OF_CONGRESS-n  79150461</subfield><subfield code="9">N</subfield></datafield><datafield tag="600" ind1="0" ind2="0"><subfield code="a">Irāmaliṅkar, Ci.,</subfield><subfield code="d">1823-1874</subfield><subfield code="2">LCNAMES</subfield><subfield code="0">41-LIBRARY_OF_CONGRESS-n  79150461</subfield><subfield code="9">N</subfield></datafield><datafield tag="600" ind1="0" ind2="0"><subfield code="a">Marutūr Vaḷḷalār,</subfield><subfield code="d">1823-1874</subfield><subfield code="2">LCNAMES</subfield><subfield code="0">41-LIBRARY_OF_CONGRESS-n  79150461</subfield><subfield code="9">N</subfield></datafield><datafield tag="600" ind1="0" ind2="0"><subfield code="a">Pillai, Rāmaliṅga,</subfield><subfield code="d">1823-1874</subfield><subfield code="2">LCNAMES</subfield><subfield code="0">41-LIBRARY_OF_CONGRESS-n  79150461</subfield><subfield code="9">N</subfield></datafield><datafield tag="600" ind1="0" ind2="0"><subfield code="a">Ramalinga Adigal,</subfield><subfield code="d">1823-1874</subfield><subfield code="2">LCNAMES</subfield><subfield code="0">41-LIBRARY_OF_CONGRESS-n  79150461</subfield><subfield code="9">N</subfield></datafield><datafield tag="600" ind1="0" ind2="0"><subfield code="a">Ramalinga, Chidambaram,</subfield><subfield code="d">1823-1874</subfield><subfield code="2">LCNAMES</subfield><subfield code="0">41-LIBRARY_OF_CONGRESS-n  79150461</subfield><subfield code="9">N</subfield></datafield><datafield tag="600" ind1="0" ind2="0"><subfield code="a">Rāmaliṅga Pillai,</subfield><subfield code="d">1823-1874</subfield><subfield code="2">LCNAMES</subfield><subfield code="0">41-LIBRARY_OF_CONGRESS-n  79150461</subfield><subfield code="9">N</subfield></datafield><datafield tag="600" ind1="0" ind2="0"><subfield code="a">Rāmaliṅgasvāmigal,</subfield><subfield code="d">1823-1874</subfield><subfield code="2">LCNAMES</subfield><subfield code="0">41-LIBRARY_OF_CONGRESS-n  79150461</subfield><subfield code="9">N</subfield></datafield><datafield tag="600" ind1="0" ind2="0"><subfield code="a">Thiruvarutprakasa Vallalar,</subfield><subfield code="d">1823-1874</subfield><subfield code="2">LCNAMES</subfield><subfield code="0">41-LIBRARY_OF_CONGRESS-n  79150461</subfield><subfield code="9">N</subfield></datafield><datafield tag="600" ind1="0" ind2="0"><subfield code="a">Tiruvaruṭpirakāca Vaḷḷalār,</subfield><subfield code="d">1823-1874</subfield><subfield code="2">LCNAMES</subfield><subfield code="0">41-LIBRARY_OF_CONGRESS-n  79150461</subfield><subfield code="9">N</subfield></datafield><datafield tag="600" ind1="0" ind2="0"><subfield code="a">Vaḷḷalār,</subfield><subfield code="d">1823-1874</subfield><subfield code="2">LCNAMES</subfield><subfield code="0">41-LIBRARY_OF_CONGRESS-n  79150461</subfield><subfield code="9">N</subfield></datafield><datafield tag="600" ind1="0" ind2="0"><subfield code="a">Vaḷḷalār, Marutūr,</subfield><subfield code="d">1823-1874</subfield><subfield code="2">LCNAMES</subfield><subfield code="0">41-LIBRARY_OF_CONGRESS-n  79150461</subfield><subfield code="9">N</subfield></datafield><datafield tag="600" ind1="0" ind2="0"><subfield code="a">Vaḷḷalār, Tiruvaruṭpirakāca,</subfield><subfield code="d">1823-1874</subfield><subfield code="2">LCNAMES</subfield><subfield code="0">41-LIBRARY_OF_CONGRESS-n  79150461</subfield><subfield code="9">N</subfield></datafield><datafield tag="INST" ind1=" " ind2=" "><subfield code="a">01UWI_NETWORK</subfield><subfield code="b">P</subfield><subfield code="c">71298035340002121</subfield></datafield><datafield tag="INST" ind1=" " ind2=" "><subfield code="a">01UWI_MAD</subfield><subfield code="b">P</subfield><subfield code="c">21579338260002122</subfield></datafield><datafield tag="AVA" ind1=" " ind2=" "><subfield code="a">01UWI_MAD</subfield><subfield code="b">ILL</subfield><subfield code="c">ILL Lending Location</subfield><subfield code="d">PL4758.9 R323 Z8 1989</subfield><subfield code="e">available</subfield><subfield code="f">1</subfield><subfield code="g">0</subfield><subfield code="j">illlending</subfield><subfield code="k">0</subfield><subfield code="p">1</subfield><subfield code="q">ILL Library</subfield></datafield><datafield tag="MMS" ind1=" " ind2=" "><subfield code="b">999695119702121</subfield><subfield code="a">01UWI_NETWORK</subfield></datafield><datafield tag="MMS" ind1=" " ind2=" "><subfield code="b">9925353973602122</subfield><subfield code="a">01UWI_MAD</subfield></datafield></record>
</metadata>
</record>
</ListRecords>
</OAI-PMH>